@article{Iranzo_2022,
  title         = {Pervasive Conditional Selection of Driver Mutations and Modular Epistasis Networks in Cancer},
  author        = {Iranzo, Jaime and Gruenhagen, George and {Calle-Espinosa}, Jorge and Koonin, Eugene V.},
  year          = {2022},
  journal       = {Cell Reports},
  volume        = {40}
}
@article{Jee_2024,
  title         = {Automated Real-World Data Integration Improves Cancer Outcome Prediction},
  author        = {Jee, Justin and Fong, Christopher and Pichotta, Karl and Tran, Thinh Ngoc and Luthra, Anisha and Waters, Michele and Fu, Chenlian and Altoe, Mirella and Liu, Si-Yang and Maron, Steven B. and Ahmed, Mehnaj and Kim, Susie and Pirun, Mono and Chatila, Walid K. and {de Bruijn}, Ino and Pasha, Arfath and Kundra, Ritika and Gross, Benjamin and Mastrogiacomo, Brooke and Aprati, Tyler J. and Liu, David and Gao, JianJiong and Capelletti, Marzia and Pekala, Kelly and Loudon, Lisa and Perry, Maria and Bandlamudi, Chaitanya and Donoghue, Mark and Satravada, Baby Anusha and Martin, Axel and Shen, Ronglai and Chen, Yuan and Brannon, A. Rose and Chang, Jason and Braunstein, Lior and Li, Anyi and Safonov, Anton and Stonestrom, Aaron and {Sanchez-Vela}, Pablo and Wilhelm, Clare and Robson, Mark and Scher, Howard and Ladanyi, Marc and {Reis-Filho}, Jorge S. and Solit, David B. and Jones, David R. and Gomez, Daniel and Yu, Helena and Chakravarty, Debyani and Yaeger, Rona and Abida, Wassim and Park, Wungki and O'Reilly, Eileen M. and {Garcia-Aguilar}, Julio and Socci, Nicholas and {Sanchez-Vega}, Francisco and {Carrot-Zhang}, Jian and Stetson, Peter D. and Levine, Ross and Rudin, Charles M. and Berger, Michael F. and Shah, Sohrab P. and Schrag, Deborah and Razavi, Pedram and Kehl, Kenneth L. and Li, Bob T. and Riely, Gregory J. and Schultz, Nikolaus},
  year          = {2024},
  journal       = {Nature},
  volume        = {636}
}
@incollection{Rokach_2005,
  title         = {Clustering {{Methods}}},
  booktitle     = {Data {{Mining}} and {{Knowledge Discovery Handbook}}},
  author        = {Rokach, Lior and Maimon, Oded},
  year          = {2005}
}
@inproceedings{Schill_2024,
  title         = {Overcoming {{Observation Bias}} for~{{Cancer Progression Modeling}}},
  booktitle     = {Research in {{Computational Molecular Biology}}},
  author        = {Schill, Rudolf and Klever, Maren and L{\"o}sch, Andreas and Hu, Y. Linda and Vocht, Stefan and Rupp, Kevin and Grasedyck, Lars and Spang, Rainer and Beerenwinkel, Niko},
  year          = {2024}
}
